@article{beebeSimplificationsGenerationTransformation1977,
  title = {Simplifications in the Generation and Transformation of Two-Electron Integrals in Molecular Calculations},
  author = {Beebe, Nelson H. F. and Linderberg, Jan},
  year = {1977},
  month = oct,
  journal = {International Journal of Quantum Chemistry},
  volume = {12},
  number = {4},
  pages = {683--705},
  doi = {10.1002/qua.560120408},
  urldate = {2023-07-04}
}

@misc{bosseProbingGroundState2021,
  title = {Probing Ground State Properties of the Kagome Antiferromagnetic {{Heisenberg}} Model Using the {{Variational Quantum Eigensolver}}},
  author = {Bosse, Jan Lukas and Montanaro, Ashley},
  year = {2021},
  month = oct,
  number = {arXiv:2108.08086},
  eprint = {2108.08086},
  primaryclass = {quant-ph},
  publisher = {{arXiv}},
  doi = {10.48550/arXiv.2108.08086},
  urldate = {2023-02-04},
  archiveprefix = {arxiv}
}

@article{childsTheoryTrotterError2021,
  title = {Theory of {{Trotter Error}} with {{Commutator Scaling}}},
  author = {Childs, Andrew M. and Su, Yuan and Tran, Minh C. and Wiebe, Nathan and Zhu, Shuchen},
  year = {2021},
  journal = {Physical Review X},
  volume = {11},
  number = {1},
  pages = {011020},
  doi = {10.1103/PhysRevX.11.011020},
  urldate = {2023-02-10}
}

@article{jiangOptimalFermiontoqubitMapping2020,
  title = {Optimal Fermion-to-Qubit Mapping via Ternary Trees with Applications to Reduced Quantum States Learning},
  author = {Jiang, Zhang and Kalev, Amir and Mruczkiewicz, Wojciech and Neven, Hartmut},
  year = {2020},
  month = jun,
  journal = {Quantum},
  volume = {4},
  pages = {276},
  publisher = {{Verein zur F\"orderung des Open Access Publizierens in den Quantenwissenschaften}},
  doi = {10.22331/q-2020-06-04-276},
  urldate = {2023-09-06}
}

@article{kattemolleVariationalQuantumEigensolver2022,
  title = {Variational Quantum Eigensolver for the {{Heisenberg}} Antiferromagnet on the Kagome Lattice},
  author = {Kattem{\"o}lle, Joris and {van Wezel}, Jasper},
  year = {2022},
  month = dec,
  journal = {Physical Review B},
  volume = {106},
  number = {21},
  eprint = {2108.02175},
  primaryclass = {cond-mat, physics:quant-ph},
  pages = {214429},
  doi = {10.1103/PhysRevB.106.214429},
  urldate = {2023-02-04},
  archiveprefix = {arxiv}
}

@article{leeGeneralizedUnitaryCoupled2019,
  title = {Generalized {{Unitary Coupled Cluster Wave}} Functions for {{Quantum Computation}}},
  author = {Lee, Joonho and Huggins, William J. and {Head-Gordon}, Martin and Whaley, K. Birgitta},
  year = {2019},
  month = jan,
  journal = {Journal of Chemical Theory and Computation},
  volume = {15},
  number = {1},
  pages = {311--324},
  doi = {10.1021/acs.jctc.8b01004},
  urldate = {2023-06-24}
}

@article{mottaLowRankRepresentations2021,
  title = {Low Rank Representations for Quantum Simulation of Electronic Structure},
  author = {Motta, Mario and Ye, Erika and McClean, Jarrod R. and Li, Zhendong and Minnich, Austin J. and Babbush, Ryan and Chan, Garnet Kin-Lic},
  year = {2021},
  journal = {npj Quantum Information},
  volume = {7},
  number = {1},
  eprint = {1808.02625},
  primaryclass = {physics, physics:quant-ph},
  pages = {83},
  doi = {10.1038/s41534-021-00416-z},
  urldate = {2023-06-24},
  archiveprefix = {arxiv}
}

@article{nakanishiSequentialMinimalOptimization2020,
  title = {Sequential Minimal Optimization for Quantum-Classical Hybrid Algorithms},
  author = {Nakanishi, Ken M. and Fujii, Keisuke and Todo, Synge},
  year = {2020},
  journal = {Physical Review Research},
  volume = {2},
  number = {4},
  pages = {043158},
  publisher = {{American Physical Society}},
  doi = {10.1103/PhysRevResearch.2.043158},
  urldate = {2023-02-17}
}

@article{ostaszewskiStructureOptimizationParameterized2021,
  title = {Structure Optimization for Parameterized Quantum Circuits},
  author = {Ostaszewski, Mateusz and Grant, Edward and Benedetti, Marcello},
  year = {2021},
  journal = {Quantum},
  volume = {5},
  pages = {391},
  publisher = {{Verein zur F\"orderung des Open Access Publizierens in den Quantenwissenschaften}},
  doi = {10.22331/q-2021-01-28-391},
  urldate = {2023-02-17}
}

@article{pengHighlyEfficientScalable2017,
  title = {Highly {{Efficient}} and {{Scalable Compound Decomposition}} of {{Two-Electron Integral Tensor}} and {{Its Application}} in {{Coupled Cluster Calculations}}},
  author = {Peng, Bo and Kowalski, Karol},
  year = {2017},
  month = sep,
  journal = {Journal of Chemical Theory and Computation},
  volume = {13},
  number = {9},
  pages = {4179--4192},
  doi = {10.1021/acs.jctc.7b00605},
  urldate = {2023-07-04}
}

@article{tillyVariationalQuantumEigensolver2022,
  title = {The {{Variational Quantum Eigensolver}}: A Review of Methods and Best Practices},
  shorttitle = {The {{Variational Quantum Eigensolver}}},
  author = {Tilly, Jules and Chen, Hongxiang and Cao, Shuxiang and Picozzi, Dario and Setia, Kanav and Li, Ying and Grant, Edward and Wossnig, Leonard and Rungger, Ivan and Booth, George H. and Tennyson, Jonathan},
  year = {2022},
  month = nov,
  journal = {Physics Reports},
  volume = {986},
  eprint = {2111.05176},
  primaryclass = {quant-ph},
  pages = {1--128},
  doi = {10.1016/j.physrep.2022.08.003},
  urldate = {2023-06-24},
  archiveprefix = {arxiv}
}
